@article{fordkac,
author = {G. W. Ford and M. Kac and P. Mazur},
title = {Statistical Mechanics of Assemblies of Coupled Oscillators},
journal = {Journal of Mathematical Physics},
volume = {6},
number = {4},
pages = {504-515},
year = {1965},
doi = {10.1063/1.1704304},
URL = {http://aip.scitation.org/doi/abs/10.1063/1.1704304},
eprint = {http://aip.scitation.org/doi/pdf/10.1063/1.1704304}
}

@book{sciComp,
   author = "Micheal T. Heath",
   title = "{Scientific Computing: An Introductory Survey}",
   publisher = "Elizabeth A. Jones",
   edition = "2nd",
   year = "2002",
   ISBN = "0-07-112229-x" 
}

@misc{github,
  author = "{Martijn van Beest, Jaro Camphuijsen, Rahiel Kasim}",
  title = "{Multiscalorithms}",
  note = "[{\url{https://github.com/sunsistemo/multiscalorithms}}; accessed 22-December-2016]"
}